@online{site:AWS,
    title   = {Amazon Web Services},
    url     = {https://aws.amazon.com/it/}
}

@online{site:Angular,
	title   = {Documentazione Angular},
	url     = {https://angular.io/docs}
}

@online{site:Nebular,
	title   = {Documentazione componenti Nebular},
	url     = {https://akveo.github.io/nebular/docs/components/components-overview}
}

@online{site:Lambda,
	title   = {Documentazione AWS Lambda},
	url     = {https://docs.aws.amazon.com/lambda/latest/dg/welcome.html}
}

@online{site:Lex,
	title   = {Documentazione Amazon Lex},
	url     = {https://docs.aws.amazon.com/lexv2/latest/dg/what-is.html}
}

@online{site:Rekognition,
	title   = {Documentazione Amazon Rekognition},
	url     = {https://docs.aws.amazon.com/rekognition/latest/dg/what-is.html}
}

@online{site:DynamoDB,
	title   = {Documentazione AWS DynamoDB},
	url     = {https://docs.aws.amazon.com/amazondynamodb/latest/developerguide/Introduction.html}
}

@online{site:S3,
	title   = {Documentazione Amazon S3},
	url     = {https://docs.aws.amazon.com/AmazonS3/latest/userguide/Welcome.html}
}

@online{site:AWS-SDK,
	title   = {Documentazione AWS SDK per JavaScript},
	url     = {https://docs.aws.amazon.com/AWSJavaScriptSDK/latest/}
}

@online{site:serverless,
	title   = {Documentazione Serverless framework},
	url     = {https://www.serverless.com/framework/docs}
}